@ARTICLE{Ivanov_1999_Journal_17_173,
  author       = {И. И. Иванов and П. П. Петров and С. С. Сидоров},
  title        = {Название статьи},
  journal      = {Название журнала},
  volume       = {17},
  pages        = {173--180},
  year         = {1999},
  language     = {russian},
  keywords     = {own},
}

@ARTICLE{Petrov_2001_Journal_23_12321,
  author       = {П. П. Петров and И. И. Иванов and С. С. Сидоров},
  title        = {Название статьи},
  journal      = {Название журнала},
  volume       = {23},
  pages        = {12321--12328},
  year         = {2001},
  language     = {russian},
  keywords     = {own},
}

@ARTICLE{Sidorov_2002_Journal_32_1531,
  author       = {S. S. Sidorov and P. P. Petrov and I. I. Ivanov},
  title        = {Article Title},
  journal      = {Journal Name},
  volume       = {32},
  pages        = {1531--1540},
  year         = {2002},
  keywords     = {own},
}

@ARTICLE{Yoffe_1993_AP_42_173,
  author       = {A. D. Yoffe},
  title        = {Low-dimensional systems: quantum size effects and electronic
                  properties of semiconductor microcrystallites (zero-dimensional
                  systems) and some quasi-two-dimensional systems},
  journal      = {Adv. Phys.},
  pages        = {173--266},
  volume       = {42},
  year         = {1993},
  doi          = {10.1080/00018739300101484},
}

@ARTICLE{Efros_1982_FTP_16_7_1209,
  author       = {{\relax Ал}. Л. Эфрос and А. Л. Эфрос},
  title        = {Межзонное поглощение света в полупроводниковом шаре},
  journal      = {Физика и техника полупроводников},
  year         = {1982},
  volume       = {16},
  number       = {7},
  pages        = {1209--1214},
  language     = {russian},
}

@BOOK{Anselm_1978,
  author       = {А. И. Ансельм},
  title        = {Введение в теорию полупроводников},
  publisher    = {Наука},
  address      = {Москва},
  year         = {1978},
  language     = {russian},
}

@INPROCEEDINGS{Segall_1968,
  author       = {B. Segall},
  year         = {1968},
  editor       = {S. M. Ryvkin},
  booktitle    = {Proceedings of IXth Conference on the Physics of
                  Semiconductors, Moscow, 1968},
  pages        = {425},
  address      = {Leningrad},
  publisher    = {Nauka},
}

@INBOOK{Agranovich_1983,
  editor       = {V. M. Agranovich and R. M. Hochstrasser},
  title        = {Spectroscopy and Excitation Dynamics of Condensed Molecular
                  Systems},
  chapter      = {6},
  publisher    = {North-Holland},
  year         = {1983},
  series       = {Modern Problems in Condensed Matter Sciences},
  address      = {Amsterdam},
  isbn         = {0444863133},
}

@INCOLLECTION{InP,
  title        = {{\relax InP} Basic Parameters at 300 K},
  booktitle    = {Electronic archive New Semiconductor Materials.
                  Characteristics and Properties},
  organization = {Ioffe Physico-Technical Institute},
  address      = {St. Petersburg},
  year         = {2001},
  url          = {http://www.ioffe.rssi.ru/SVA/NSM/Semicond/InP/basic.html},
  urldate      = {01.11.2009},
}

@PHDTHESIS{Mishchenko_1996,
  author       = {Е. Ж. Мищенко},
  title        = {Неупругое рассеяние света в системе взаимодействующих
                  электронов и фононов},
  school       = {ИТФ им. Л.~Д.~Ландау},
  type         = {дисс. канд. физ.-мат. наук},
  year         = {1996},
  language     = {russian},
}

@DOCTHESIS{Skvortsov_2008,
  author       = {М. А. Скворцов},
  title        = {Флуктуационные и интерференционные эффекты в мезоскопических системах},
  school       = {ИТФ им. Л.~Д.~Ландау},
  type         = {дисс. д-ра физ.-мат. наук},
  year         = {2008},
  language     = {russian},
}

% old-style arXiv reference
@ARTICLE{Perelman_2003_math:0307245,
  author       = {Grisha Perelman},
  title        = {Finite extinction time for the solutions to the Ricci flow on certain three-manifolds},
  eprint       = {math/0307245},
}

% new-style arXiv reference
@ARTICLE{Nielsen_2010_1006.2735,
  title        = {A configuration interaction analysis of exchange in double quantum dots},
  author       = {Erik Nielsen and Richard P. Muller},
  archiveprefix= {arXiv},
  eprint       = {1006.2735},
  primaryclass = {cond-mat},
}

@PATENT{patent1,
  author       = {Э. В. Тернер},
  authorcountry= {США},
  title        = {Одноразовая ракета-носитель},
  media        = {Текст},
  type         = {заявка},
  number       = {1095735},
  location     = {Рос. Федерация},
  ipc          = {МПК\ensuremath{^7} B 64 G 1/00},
  holder       = {заявитель Спейс Системз/Лорал, инк.},
  credits      = {патент. поверенный Егорова Г. Б.},
  requestnumber= {000108705/28},
  requestdate  = {07.04.2000},
  publicationdate = {10.03.2001},
  publication  = {Бюл. № 7 (I ч.)},
  prioritydate = {09.04.1999},
  prioritynumber  = {09/289, 037},
  prioritycountry = {США},
  pagetotal    = {5 с.~: ил.},
  language     = {russian},
}

@PATENT{patent2,
  author       = {В. И. Чугаева},
  authorcountry= {РФ},
  title        = {Приемопередающее устройство},
  media        = {Текст},
  type         = {пат.},
  number       = {2000131736/09},
  location     = {Рос. Федерация},
  ipc          = {МПК\ensuremath{^7} H 04 В 1/38, Н 04 J 13/00},
  holder       = {заявитель и патентообладатель Воронеж. науч.-ислед. ин-т связи.},
  credits      = {патент. поверенный Егорова Г. Б.},
  requestnumber= {000108705/28},
  date         = {18.12.2000},
  publicationdate = {20.08.2002},
  publication  = {Бюл. № 23 (II ч.)},
  pagetotal    = {2 с.~: ил.},
  language     = {russian},
}
