@Book{gonsalesDigital,
  author =       {Р.~C. {Г}онсалес and Р.~Е. {В}удс},
  title =        {Цифровая обработка изображений},
  publisher =    {Техносфера},
  address =      {М},
  pages =        {1104},
  year =         2012,
  language =     {russian}
}

@Article{ARIMA,
  author =       {G. Gardner and A. C. Harvey and G. D. A. Phillips},
  title =        {Algorithm {AS154}. An algorithm for exact maximum likelihood
                  estimation of autoregressive-moving average models by means of
                  {K}alman filtering},
  year =         1980,
  journal =      {Applied Statistics},
  pages =        {311--322},
  number =       29
}

@Article{Allen,
  author =       {M. R. Allen and L. A. Smith},
  title =        {Monte Carlo SSA: detecting irregular oscillations in the
                  presence of coloured noise},
  year =         1996,
  journal =      {Journal of Climate},
  pages =        {3373--3404},
  number =       9
}

@Book{SSA,
  author =       {Н. Э. Голяндина},
  title =        {Метод <<Гусеница>>-SSA: анализ временных рядов: Учеб. пособие},
  publisher =    {ВВМ},
  address =      {СПб},
  numpages =     76,
  year =         2004,
  language =     {russian}
}

@Article{VG,
  author =       {Robert Vautard and Pascal Yiou and Michael Ghil},
  title =        {Singular-spectrum analysis: A toolkit for short, noisy chaotic
                  signals},
  year =         1992,
  journal =      {Physica D},
  pages =        {95--126},
  number =       58
}

@Article{Wilson,
  author =       {E. B. Wilson},
  title =        {Probable inference, the law of succession, and statistical
                  inference},
  year =         1927,
  journal =      {Journal of the American Statistical Association},
  pages =        {209--212},
  number =       22
}

@Misc{mobileUsers,
Key = {INTERNET},
Organization = {Gfk Rus},
Pages = {2},
Title = {{И}сследование GfK: Проникновение Интернета в России},
Type = {Электронный ресурс},
URL = {https://www.gfk.com/fileadmin/user_upload/dyna_content/RU/Documents/Press_Releases/2018/GfK_Rus_Press_Release_Internet_Penetration_in_Russia_2017-2018.pdf},
Year = {2018},
language =     {russian}
}

