@Book{gonsalesDigital2012,
  author =       {Р.~C. {Г}онсалес and Р.~Е. {В}удс},
  title =        {Цифровая обработка изображений.},
  publisher =    {Техносфера},
  address =      {М},
  pages =        {1104},
  year =         2012,
  language =     {russian}
}

@Book{basicsOfDigitalDataProcessing2016Umnyashkin,
	author =     {С.~В. Умняшкин},
	title =      {Основы теории цифровой обработки сигналов.},
	publisher =  {Техносфера},
	address =    {Москва},
	pages =      528,
	year =       {2016},
	language =   {russian},
	isbn =       {978-5-94836-424-7}
}

@ONLINE{mobileUsers,
  author       = {Наталья Игнатьева and Александр Федотов},
  organization = {Gfk Rus},
  title =      {Проникновение Интернета в России.},
  year         = 2018,
  url =        {https://www.gfk.com/fileadmin/user_upload/dyna_content/RU/Documents/Press_Releases/2018/GfK_Rus_Press_Release_Internet_Penetration_in_Russia_2017-2018.pdf},
  urldate      = {2018-06-02},
  language     = {russian},
}

@Article{iterableImageRestorationBiemonLangdeik,
  author =       {Ж. Бьемон and Л. Лангдейк and Р. Мерсеро},
  title =        {Итерационные методы улучшения изображений.},
  year =         1990,
  journal =      {ТИИЭР},
  pages =        {58--84},
  volume =       7,
  number =       5,
  language     = {russian},
}

@Article{lucy,
  author =       {L.~B.~Lucy},
  title =        {An iterative technique for the rectification of observed distributions.},
  journal =      {The Astronomical journal},
  volume =       79,
  year =         1974,
  number =       6,
  language =     {english},
}

@Article{richardson,
	author =     {W.~H.~Richardson},
	title =      {Bayesian-Based Iterative Method of Image Restoration.},
	journal =    {Journal of the Optical Society of America},
	year =       1972,
	volume =     62,
	number =     1,
}

@Article{richardsonLucyModifiedBiggs,
	author =    {D.~S.~C.~Biggs},
	title =     {Acceleration of Iterative Image Restoration Algorithms.},
	journal =   {Applied Optics},
	year =      {1997},
	volume =    36,
	number =    8,
	pages =     {1766-1775},
	language =  {english}
}

@PROCEEDINGS{graphicon2015,
	title =     {25th Anniversary of the International Conference GraphiCon2015},
	booktitle = {25th Anniversary of the International Conference GraphiCon2015},
	publisher = {Институт физико-технической информатики},
	year =      {2015},
	address =   {Москва-Протвино},
}

@INPROCEEDINGS{panfilovaLinearBlur,
	author =    {К.~В.~Панфилова},
	title =     {компенсация линейного смаза цифровых изображений с помощью метода Люси-Ричардсона},
	crossref =  {graphicon2015},
	pages =     {163--167}
}






@Article{ARIMA,
	author =       {G. Gardner and A. C. Harvey and G. D. A. Phillips},
	title =        {Algorithm {AS154}. An algorithm for exact maximum likelihood
	estimation of autoregressive-moving average models by means of
	{K}alman filtering},
	year =         1980,
	journal =      {Applied Statistics},
	pages =        {311--322},
	number =       29
}

@Article{Allen,
	author =       {M. R. Allen and L. A. Smith},
	title =        {Monte Carlo SSA: detecting irregular oscillations in the
	presence of coloured noise},
	year =         1996,
	journal =      {Journal of Climate},
	pages =        {3373--3404},
	number =       9
}

@Book{SSA,
	author =       {Н. Э. Голяндина},
	title =        {Метод <<Гусеница>>-SSA: анализ временных рядов: Учеб. пособие},
	publisher =    {ВВМ},
	address =      {СПб},
	numpages =     76,
	year =         2004,
	language =     {russian}
}

@Article{VG,
	author =       {Robert Vautard and Pascal Yiou and Michael Ghil},
	title =        {Singular-spectrum analysis: A toolkit for short, noisy chaotic
	signals},
	year =         1992,
	journal =      {Physica D},
	pages =        {95--126},
	number =       58
}

@Article{Wilson,
	author =       {E. B. Wilson},
	title =        {Probable inference, the law of succession, and statistical
	inference},
	year =         1927,
	journal =      {Journal of the American Statistical Association},
	pages =        {209--212},
	number =       22
}