@BOOK{Vasylenko92,
  author       = {Василенко, М. В.},
  title        = {Теорія коливань: Навчальний посібник},
  address      = {К.},
  publisher    = {Вища школа},
  year         = {1992},
  pagetotal    = {430},
  language     = {ukrainian},
}
@BOOK{Afanasyev92,
  author       = {Афанасьев, В. В. and Василевский, О. Н.},
  title        = {Расчеты электрических цепей
                  на программируемых микрокалькуляторах},
  address      = {М.},
  publisher    = {Энергоиздат},
  year         = {1992},
  pagetotal    = {190},
  language     = {russian},
}
@BOOK{Makilov91,
  author       = {Меликов, А. З. and Пономаренко, Л. А.
                  and Рюмшин, П. А.},
  title        = {Математические модели многопотоковых
                  систем обслуживания},
  address      = {К.},
  publisher    = {Техніка},
  year         = {1991},
  pagetotal    = {265},
  language     = {russian},
}
@BOOK{Ponomarenko86,
  title        = {Основы создания гибких атоматизированных производств},
  author       = {Л. А. Пономаренко and Л. В. Адамович
                  and В. Т. Музычук and  А. Е. Гридасов},
  editor       = {Б. Б. Тимофеева},
  address      = {К.},
  publisher    = {Техніка},
  year         = {1986},
  pagetotal    = {144},
  language     = {russian},
}
@BOOK{Belousova81,
  title        = {Системный анализ инфраструктуры
                  как элемент народного хозяйства},
  author       = {Белоусова, Н. И. and Вишняк, Е. И.
                  and Левит, В. Ю. and others},
  address      = {М.},
  publisher    = {Экономика},
  year         = {1981},
  pagetotal    = {62},
  language     = {russian},
}
@BOOK{BibOp91,
  title        = {Составление библиографического описания:
                  Краткие правила},
  organization = {Междувед. каталогизац. комис.
                  при Гос. б-ке СССР им.~В.~И. Ленина},
  edition      = {2-е, доп.},
  address      = {М.},
  publisher    = {Кн.~палата},
  year         = {1991},
  pagetotal    = {224},
  language     = {russian},
}
@BOOK{Poems82,
  title        = {Стихи о музыке. Русские,
                  советские, зарубежные поэты: Сборник},
  compiler     = {А. Бирюкова and В. Татаринов},
  address      = {М.},
  publisher    = {Сов. композитор},
  year         = {1982},
  pagetotal    = {224},
  language     = {russian},
}
@BOOK{HistLit82,
  title        = {История русской литературы: В 4 т.},
  organization = {АН СССР, Ин-т рус.~лит.\ (Пушкин.дом)},
  address      = {М.},
  year         = {1982},
  volume       = {3: Расцвет реализма},
  pagetotal    = {876},
  language     = {russian},
}
@BOOK{Landau:eldin,
  author       = {Л. Д. Ландау and Е. М. Лифшиц},
  title        = {Теоретическая физика: учебное пособие в 10 т.},
  publisher    = {Наука. Гл.\ ред.\ физ.-мат.\ лит.},
  address      = {М.},
  year         = {1992},
  volume       = {VIII. Электродинамика сплошных сред},
  edition      = {3-е, испр.},
  language     = {russian},
}
@BOOK{BRLS94,
  title        = {Нарысы па гiсторыi беларуска-рускiх
                  лiтаратурных сувязей: У 4 кн.},
  organization = {Акад.\ навук Беларусi. Iн-т лiт.},
  address      = {Мiнск},
  publisher    = {Навука i тэхнiка},
  year         = {1994},
  volume       = {2: Пачатак ХХ ст. 1900--1917 гг.},
  editor       = {В. А. Каваленка and I. Я. Навуменка},
  pagetotal    = {440},
  language     = {russian},
}
@BOOK{Grosse80,
  author       = {Гроссе, Э. and Вайсмангель, Х.},
  title        = {Химия для любознательных: Пер.\ с нем.},
  address      = {М.},
  publisher    = {Химия},
  year         = {1980},
  pagetotal    = {392},
  language     = {russian},
}
@BOOK{GOST7184,
  key          = {ГОСТ},
  title        = {ГОСТ 7.1-84. Библиографическое описание документа.
                  Общие требования и правила составления.
                  --- Взамен ГОСТ 7.1-76~; введ. 01.01.86.},
  address      = {М.},
  publisher    = {Изд-во стандартов},
  year         = {1984},
  pagetotal    = {78},
  language     = {russian},
}
@BOOK{ObchTech93,
  title        = {Обчислювальна і прикладна математика: Зб.наук.пр.},
  address      = {К.},
  publisher    = {Либідь},
  year         = {1993},
  pagetotal    = {99},
  language     = {ukrainian},
}
@BOOK{Bibdelo86,
  title        = {Библиотечное дело: Терминол. словарь},
  composer     = {И. М. Суслова  and Л. Н. Уланова},
  edition      = {2-е изд.},
  address      = {М.},
  publisher    = {Книга},
  year         = {1986},
  pagetotal    = {224},
  language     = {russian},
}
@INBOOK{Ponomarenko79,
  author       = {Пономаренко, Л. А.},
  title        = {Организующая система},
  booktitle    = {Автоматизация технологических процессов
                  в прокатном производстве},
  address      = {М.},
  publisher    = {Металлургия},
  year         = {1979},
  pages        = {141-148},
  language     = {russian},
}
@INBOOK{Zeyts70,
  author       = {Зейтц, Ф.},
  title        = {О приведении пространственных групп},
  booktitle    = {Симметрия в твердом теле},
  bookauthor   = {Нокс, Р. and Голд, А.},
  address      = {М.},
  publisher    = {Наука},
  year         = {1970},
  pages        = {172--186},
  language     = {russian},
}
@INCOLLECTION{Ponoomarenko76,
  author       = {Пономаренко, Л. А.},
  title        = {Структура системы прерывания с ситуационными
                  приоритетами в АСУТП станов горячей прокатки},
  booktitle    = {Разработка автоматизированных систем управления
                  технологическими процессами},
  address      = {Тбилиси},
  publisher    = {Сабчота Сакартвело},
  year         = {1976},
  pages        = {3-16},
  language     = {russian},
}
@ARTICLE{Malikov92,
  author       = {Меликов, А. З. and Пономаренко, Л. А.},
  title        = {Оптимизация цифровой сети интегрального обслуживания
                  с конечным числом пользователей и блокировками},
  journal      = {Автоматика и телемеханика},
  year         = {1992},
  number       = {6},
  pages        = {34-38},
  language     = {russian},
}
@ARTICLE{Ponomarenko86a,
  author       = {Пономаренко, Л. А. and Меликов, А. З.},
  title        = {Ситуационное управление многоканальной системой
                  с переменной структурой обслуживания неоднородного потока},
  journal      = {Изв.\ АН Азерб.\ Респ. Сер.\ физ.-техн.\ и мат.\ наук},
  year         = {1986},
  volume       = {7},
  number       = {6},
  pages        = {79-83},
  language     = {russian},
}
@ARTICLE{dixit.pindyck:options,
  title        = {The Options Approach to Capital Investment},
  author       = {Avinash K. Dixit and Robert S. Pindyck},
  journal      = {Harvard Business Review},
  year         = {1995},
  month        = {May-June},
  pages        = {105--115},
}
@ARTICLE{RosGaz-article,
  title        = {Федеральный закон о внесении изменений
                  и дополнений в Семейный кодекс Российской Федерации},
  journal      = {Российская газета},
  year         = {1997},
  month        = {19 нояб},
  pages        = {4},
  note         = {Российская Федерация. Законы},
  language     = {russian},
}
@INBOOK{Dolmatovskiy88,
  author       = {Долматовский, Ю. А.},
  title        = {Электромобиль},
  booktitle    = {БСЭ},
  edition      = {3-е},
  address      = {М.},
  year         = {1988},
  volume       = {30},
  pages        = {72},
  language     = {russian},
}
@INPROCEEDINGS{Ponomarenko88,
  author       = {Пономаренко, Л. А. and Жучкова, И. В.},
  title        = {Оптимальное назначение приоритетов
                  при организации доступа в локальных
                  вычислительных сетях АСУТП},
  booktitle    = {Труды Междунар.\ конф.\
                  <<Локальные вычислительные сети>> (ЛОКСЕТЬ 88)},
  volume       = {1},
  address      = {Рига},
  publisher    = {ИЭВТ АН Латвии},
  year         = {1988},
  pages        = {149-153},
  language     = {russian},
}
@INPROCEEDINGS{Melikov95,
  author       = {Melikov, A. Z. and Ponomarenko, L. A.},
  title        = {On the approach to optimal control
                  of queuing systems with multiple classes of customers},
  booktitle    = {Proc.\ International Conf.\ on Syst.\ Sci.\ XII.},
  address      = {Wroclaw (Poland)},
  year         = {1995},
  pages        = {507-515},
}
@INPROCEEDINGS{Gojchuk98,
  author       = {Гойчук, А. Ф.},
  title        = {Особливості етіології і патогенезу поперечного раку
                  дуба звичайного в Україні},
  booktitle    = {Науковий вісник Національного
                  аграрного університету},
  editor       = {Мельничука, Д. О. and others},
  address      = {К.},
  publisher    = {НАУ},
  year         = {1998},
  series       = {Вип. 8: Лісівництво},
  pages        = {168--173},
  language     = {ukrainian},
}

@INPROCEEDINGS{Polyakov98a,
  author       = {М. О. Поляков},
  title        = {Системний ефект агрегування лісосік в управлінні
                  лісовими ресурсами на регіональному рівні},
  crossref     = {Gojchuk98},
  annote       = {Розглянуто ефект агрегування елементарних
                  господарських одиниць на розмір розрахункової лісосіки.
                  Запропоновано метод визначення максимально допустимого розміру
                  рубання за площею на рівні регіону в контексті системи
                  державного регулювання лісокористування для умов ринкової
                  економіки},
  pages        = {213--220},
}
@INPROCEEDINGS{TranskSpivrob99:Purich,
  author       = {Пурич, Штефан},
  title        = {{Р}умынско-{У}краинское трансграничное сотрудничество:
                  проблемы  и перспективы},
  language     = {russian},
  booktitle    = {Транскордонне співробітництво у поліетнічних регіонах
                  {С}хідної та {П}івденно-{С}хідної {Є}вропи: {М}атеріали наукового
                  симпозіуму},
  editor       = {Макара, Ю.},
  address      = {Чернівці},
  publisher    = {Золоті литаври},
  organization = {Буковинський політологічний центр},
  year         = {1999},
  pagetotal    = {196},
  booklanguage = {ukrainian},
}
@INPROCEEDINGS{Selikov95,
  author       = {Selikov, A. Z. and Ponomarenko, L. A. and Qranamarenko, L. S. and Zonomarenko, L. U.},
  title        = {On the approach to optimal control
                  of queuing systems with multiple classes of customers},
  booktitle    = {Proc.\ International Conf.\ on Syst.\ Sci.\ XII.},
  address      = {Wroclaw (Poland)},
  year         = {1995},
  pages        = {507-515},
}

@INPROCEEDINGS{Selikov+95,
  author       = {Селиков, A. Z. and Пономарь, L. A. and Крамаренко, L. S. and Золкин, Л. Ю.},
  title        = {On the approach to optimal control
                  of queuing systems with multiple classes of customers},
  booktitle    = {Proc.\ International Conf.\ on Syst.\ Sci.\ XII.},
  address      = {Wroclaw (Poland)},
  year         = {1995},
  pages        = {507-515},
  language     = {russian},
}
@PHDTHESIS{Luus82,
  author       = {Луус, Роман  Аркадьевич},
  title        = {Исследование оборудования с пневмовакуумным
                  приводом для захвата, перемещения и фиксации
                  при обработке пористых и легкоповреждаемых
                  строительных изделий},
  type         = {Диссертация на соискание ученой степени кандидата технических наук},
  number       = {05.05.04},
  institution  = {Моск.\ строит.\ ин-т},
  address      = {М.},
  year         = {1982},
  pagetotal    = {212},
  language     = {russian},
}
@DOCTHESIS{KIA95-default,
  author       = {Котельников, Игорь Александрович},
  title        = {Теория магнитного удержания двухкомпонентной плазмы
                  в открытых ловушках},
  number       = {01.04.08},
  institution  = {Ин-т ядерной физики им.\ Г.~И. Будкера СО РАН},
  address      = {Новосибирск},
  year         = {1995},
  pagetotal    = {350},
  language     = {russian},
}
@MASTERSTHESIS{mastersthesis-minimal,
  title        = {Mastering Thesis Writing},
  author       = {{\'{E}}douard Masterly},
  year         = {1988},
  institution  = {Stanford University},
}

@MASTERSTHESIS{mastersthesis-full,
  title        = {Mastering Thesis Writing},
  author       = {{\'{E}}douard Masterly},
  month        = jun,
  note         = {This is a full MASTERSTHESIS entry},
  type         = {Master's project},
  year         = {1988},
  address      = {English Department},
  institution  = {Stanford University},
}
@THESIS{KIA85-autoref,
  author       = {Котельников, Игорь Александрович},
  title        = {Теория магнитного удержания двухкомпонентной плазмы
                  в открытых ловушках},
  type         = {Автореф.\ дис.\ на соиск.\ учен.\ степ.\ д-ра физ.-мат.\ наук},
  number       = {01.04.08},
  school       = {Ин-т ядерной физики им.\ Г.~И. Будкера СО РАН},
  address      = {Новосибирск},
  year         = {1995},
  pagetotal    = {17},
  language     = {russian},
}
@THESIS{vishnyakov:thesis1,
  title        = {Модели и методы оценки коммерческих банков в условиях неопределенности},
  author       = {Вишняков, Илья Владимирович},
  year         = {2002},
  date         = {2002-02-04},
  langid       = {russian},
  language     = {russian},
  location     = {М.},
  speciality   = {экон. наук},
  number       = {08.00.13},
  pagetotal    = {234},
  titleaddon   = {защищена 12.02.02~: утв. 24.06.02},
}

@THESIS{vishnyakov:thesis2,
  title        = {Модели и методы оценки коммерческих банков в условиях неопределенности},
  author       = {Вишняков, Илья Владимирович},
  type         = {phdthesis},
  addendum     = {Библиогр.: с. 220---230.~--- 04200204433},
  _year         = {2002},
  date         = {2002-02-04},
  langid       = {russian},
  language     = {russian},
  location     = {М.},
  speciality     = {экон. наук},
  specialitycode = {08.00.13},
  media        = {text},
  pagetotal    = {234},
  titleaddon   = {защищена 12.02.02~: утв. 24.06.02},
}


@THESIS{Skvortsov:2008,
  title        = {Флуктуационные и интерференционные эффекты в мезоскопических системах},
  author       = {Скворцов, Михаил Андреевич},
  type         = {docthesis},
  _year         = {2008},
  institution  = {ИТФ им. Л.\,Д.~Ландау},
  langid       = {russian},
  language     = {russian},
  location     = {Черноголовка},
  speciality     = {физ.-мат. наук},
  specialitycode = {01.04.02},
  media        = {text},
  pagetotal    = {224},
}
@BOOK{Ponomarenko76,
  author       = {Пономаренко, Л. А. and Буадзе, В. В.},
  title        = {Математические модели и алгоритмы сбора
                  и обработки информации в АСУТП непрерывных
                  станов горячей прокатки},
  address      = {К.},
  year         = {1976},
  pagetotal    = {37},
  language     = {russian},
  note         = {(Препр./ АН Украины. Ин-т кибернетики; 76-76)},
}
@REPORT{Report81-rep,
  title        = {Проведение испытаний и исследований
                  теплотехнических свойств камер {КХС-2-12-ВЗ}
                  и {КХС-2-12-КЗІО}},
  institution  = {Всесоюзн.\ заочн.\ ин-т пищ.\ пром-ти},
  address      = {М.},
  organization = {ВИНИТИ},
  year         = {1981},
  pagetotal    = {90},
  type         = {Отчет о {НИР}},
  editor       = {Путин, В. В.},
  author       = {Медведев, Д. А. and others},
  note         = {Инв.\ № В 119692},
  language     = {russian},
}
@REPORT{Report81b-rep-notype,
  title        = {Проведение испытаний и исследований
                  теплотехнических свойств камер {КХС-2-12-ВЗ}
                  и {КХС-2-12-КЗІО}},
  institution  = {Всесоюзн.\ заочн.\ ин-т пищ.\ пром-ти},
  address      = {М.},
  organization = {ВИНИТИ},
  year         = {1981},
  pagetotal    = {90},
  note         = {Инв.\ № В 119692},
  language     = {russian},
}
@TECHREPORT{Report81-techrep,
  title        = {Проведение испытаний и исследований
                  теплотехнических свойств камер {КХС-2-12-ВЗ}
                  и {КХС-2-12-КЗІО}},
  institution  = {Всесоюзн.\ заочн.\ ин-т пищ.\ пром-ти},
  address      = {М.},
  organization = {ВИНИТИ},
  year         = {1981},
  pagetotal    = {90},
  editor       = {Путин, В. В.},
  author       = {Медведев, Д. А. and others},
  note         = {Инв.\ № В 119692},
  language     = {russian},
}
@BOOK{CatalogMamals81,
  title        = {Каталог млекопитающих СССР.
                  Плиоцен "--- современность},
  organization = {АН СССР, Зоол.\ ин-т},
  editor       = {И. М. Громова and Г. И. Барановой},
  address      = {Л.},
  publisher    = {Наука, Ленинг.\ отд-ние},
  year         = {1981},
  pagetotal    = {456},
  language     = {russian},
}
@BOOK{Instr86,
  title        = {Типовая инструкция по эксплуатации
                  топливоотдачи тепловых электростанций~:
                  ТИ 34-70-044-85~: Утв. Гл. техн. упр.
                  по эксплуатации энергосистем 01.10.85~:
                  Срок действия установлен с 01.01.86 до 01.01.95},
  organization = {М-во энергетики и электрификации СССР},
  address      = {М.},
  year         = {1986},
  pagetotal    = {43},
  language     = {russian},
}
@ONLINE{wiki:latex,
  author       = {Wikipedia},
  title        = {{\LaTeX}---Wikipedia{,} The Free Encyclopedia},
  year         = {2012},
  url          = {http://en.wikipedia.org/wiki/LaTeX},
  urldate      = {25.01.2012},
}

@ONLINE{wiki:latex-2,
  author       = {Wikipedia},
  title        = {{\LaTeX}},
  howpublished = {Wikipedia, The Free Encyclopedia},
  year         = {2012},
  eprint       = {wiki/LaTeX},
  eprinttype   = {WikiPedia},
  url          = {http://en.wikipedia.org/wiki/LaTeX},
  urldate      = {25.01.2012},
}
@ONLINE{phys:moodle,
  author       = {Черкасский, В. С.},
  title        = {Классная комната},
  howpublished = {Физический факультет},
  organization = {НГУ},
  year         = {2012},
  url          = {http://www.phys.nsu.ru/moodle/},
  urldate      = {16.01.2012},
  language     = {russian},
}
@MISC{EXFOR,
  author       = {IAEA},
  title        = {{EXFOR}---Experimental Nuclear Reaction Data },
  url          = {http://www-nds.iaea.org/exfor},
  address      = {P.O. Box 100, Wagramer Strasse 5, A-1400 Vienna, Austria},
  year         = {2012},
  media        = {eresource}
}
@BOOK{IsaacNewton,
  author       = {Newton, {\relax Sir Isaac}},
  title        = {Opticks, or a treatise of the reflections,
                  refractions, inflections and colours of light},
  publisher    = {William Innys},
  url          = {http://books.google.com/books?id=XXu4AkRVBBoC},
  media        = {eresource},
  year         = {1730},
  pagetotal    = {382},
  eprint       = {XXu4AkRVBBoC},
  eprinttype   = {Google Books},
}

@BOOK{IsaacNewton-sl:sn,
  author       = {{\relax Sir I}saac Newton},
  title        = {Opticks, or a treatise of the reflections,
                  refractions, inflections and colours of light},
  url          = {http://books.google.com/books?id=XXu4AkRVBBoC},
  media        = {online},
  year         = {1730},
  pagetotal    = {382},
  eprint       = {XXu4AkRVBBoC},
  eprinttype   = {Google Books},
}
%  publisher   = {William Innys},
@BOOK{Encyclopedia,
  title        = {Художественная энциклопедия зарубежного классического искусства},
  publisher    = {Большая Рос. энцикл.},
  year         = {1996},
  address      = {М.},
  note         = {1 электрон. опт. диск (CD-ROM)},
  language     = {russian},
  media        = {eresource},
}

@ARTICLE{Nasirova,
  title        = {Модели государственного регулирования страховой деятельности},
  author       = {Насырова, Г. А.},
  language     = {russian},
  note         = {Режим доступа: http://vestnik.fa.ru/4(28)2003/4.html},
  number       = {4},
  year         = {2003},
  journal      = {Вестник Финансовой академии},
  media2       = {eresource},
  media        = {online},
}

@BOOK{kremlincd,
  title        = {Московский Кремль},
  titleaddon   = {трехмер. путеводитель},
  language     = {russian},
  note         = {CD-ROM},
  date         = {2007},
  location     = {М.},
  publisher    = {Новый Диск},
  media        = {eresource},
}
@ARTICLE{PhysRevLett.101.085006,
  author       = {Kotelnikov, Igor and Rom\'e, Massimiliano},
  volume       = {101},
  journal      = {Phys. Rev. Lett.},
  month        = {Aug},
  pagetotal    = {4},
  title        = {Admissible Equilibria of Non-neutral Plasmas in a Malmberg-Penning Trap},
  year         = {2008},
  doi          = {10.1103/PhysRevLett.101.085006},
  issue        = {8},
  publisher    = {American Physical Society},
  pages        = {085006},
}

% url = {http://link.aps.org/doi/10.1103/PhysRevLett.101.085006},
@ARTICLE{1998PhRvE..57.7111K,
  author       = {{Kinney}, R.~M. and {McWilliams}, J.~C.},
  title        = {{Turbulent cascades in anisotropic magnetohydrodynamics}},
  journal      = pre,
  keywords     = {Plasma turbulence, Magnetohydrodynamic and fluid equation},
  year         = {1998},
  month        = jun,
  volume       = {57},
  pages        = {7111-7121},
  doi          = {10.1103/PhysRevE.57.7111},
  adsurl       = {http://adsabs.harvard.edu/abs/1998PhRvE..57.7111K},
  adsnote      = {Provided by the SAO/NASA Astrophysics Data System},
}

@ARTICLE{1998UFN,
  author       = {Котельников, И. А. and Астрелин, В. Т.},
  title        = {Теория плазменного эмиттера положительных ионов},
  journal      = ufn,
  keywords     = {плазменный эмиттер, критерий Бома},
  year         = {2015},
  month        = jul,
  volume       = {185},
  pages        = {753-771},
  language     = {russian},
  doi          = {10.3367/UFNr.0185.201507c.0753},
  url          = {http://ufn.ru/ru/articles/2015/7/c/},
}
@PATENT{patent1,
  	author      = {Э. В. Тернер},
  	authorcountry   = {США},
  	title       = {Одноразовая ракета-носитель},
  	media       = {text},
  	type        = {заявка},
  	number      = {1095735},
  	location    = {Рос. Федерация},
  	ipc         = {МПК\ensuremath{^7} B 64 G 1/00},
  	holder      = {заявитель Спейс Системз/Лорал, инк.},
  	credits     = {патент. поверенный Егорова Г. Б.},
  	requestnumber   = {000108705/28},
  	requestdate = {07.04.2000},
  	publicationdate = {10.03.2001},
  	publication = {Бюл. № 7 (I ч.)},
  	prioritydate= {09.04.1999},
  	prioritynumber  = {09/289, 037},
  	prioritycountry = {США},
        pagetotal   = {5 с.~: ил.},
  	language    = {russian},
}

@PATENT{patent2,
  	author      = {В. И. Чугаева},
  	authorcountry   = {РФ},
  	title       = {Приемопередающее устройство},
  	media       = {text},
  	type        = {пат.},
  	number      = {2000131736/09},
  	location    = {Рос. Федерация},
  	ipc         = {МПК\ensuremath{^7} H 04 В 1/38, Н 04 J 13/00},
  	holder      = {заявитель и патентообладатель Воронеж. науч.-ислед. ин-т связи.},
  	credits     = {патент. поверенный Егорова Г. Б.},
  	requestnumber   = {000108705/28},
  	date        = {18.12.2000},
  	publicationdate = {20.08.2002},
  	publication = {Бюл. № 23 (II ч.)},
        pagetotal   = {2 с.~: ил.},
  	language    = {russian},
}
